%----------------------------------------------------------------------------------------
%   Articles
%----------------------------------------------------------------------------------------

@article{andreas,
    author =       "Andreas Anyuru",
    title =        "Professional WebGL Programming: Developing 3D Graphics for the Web",
    publisher =    "John Wiley and Sons Ltd, West Sussex",
    year =         "2012",
}

@article{heteregoneousComputingTechniques,
 	author =       "Sparsh Mittal and Jeffrey S. Vetter",
    title =        "A Survey of CPU-GPU Heterogeneous Computing Techniques",
    publisher =    "Oak Ridge National Laboratory and Georgia Tech",
    year =         "2015",
}

@article{latency,
	author =       "Wikipedia",
    title =        "HTTP/2",
    year =         "2015",
    note =		   {\url{http://create.usc.edu/research/50788.pdf}}
}

@article{ajax,
	author =       "Jesse James Garrett",
    title =        "Ajax: A New Approach to Web Applications",
    year =         "2005",
    note =		   {\url{https://courses.cs.washington.edu/courses/cse490h/07sp/readings/ajax_adaptive_path.pdf}}
}

@article{openGLSpecification,
	author =       "Mark Segal, Kurt Akeley",
    title =        "The OpenGLR Graphics System: A Specification (Version 4.0 (Core Profile)",
    year =         "March 2010",
    note =		   {\url{https://khronos.org/registry/OpenGL/specs/gl/glspec40.core.pdf}}
}

@article{CRRS,
	author =       "Brian Paul, Member, IEEE, Sean Ahern, Member, IEEE, E. Wes Bethel, Member, IEEE, Eric Brugger, Rich Cook, Jamison Daniel, Ken Lewis, Jens Owen, and Dale Southard",
    title =        "Chromium Renderserver: Scalable and Open Remote Rendering Infrastructure",
    year =         "2008",
    note =		   {\url{http://www-vis.lbl.gov/Publications/2008/LBNL-63693-CRRS.pdf}}
}



%----------------------------------------------------------------------------------------
%   Websites
%----------------------------------------------------------------------------------------
 
@misc{canIUse,
    author    = "Alexis Deveria",
    year	  = "2016",
    title     = "Can I use provides up-to-date browser support tables for support of front-end web technologies on desktop and mobile web browsers.",
    note       = {\url{http://www.caniuse.com}}
}

@misc{openGLsite,
    year	  = "2016",
    title     = "OpenGL Website",
    note       = {\url{https://www.opengl.org/about/}}
}

@misc{webGL,
    year	  = "2016",
    title     = "The WebGL Website",
    note       = {\url{https://www.khronos.org/webgl/}}
}

@misc{iRayBlog,
	author    = "3dImerce",
	year 	  = "2015",
    title     = "Bugaboo configurator Making of",
    note       = {\url{http://blog.irayrender.com/post/112595883086/bugaboo-configurator-making-of}}
}

@misc{bugaboo,
    title     = "Bugaboo website",
    year	  = "2016",
    note       = {\url{https://www.bugaboo.com/strollers/choose-a-stroller}}
}

@misc{agileUserStories,
	author    = "Scott W. Ambler",
	year 	  = "2003 - 2014",
    title     = "2. Initial User Stories (Formal)",
    note       = {\url{http://www.agilemodeling.com/artifacts/userStory.htm}}
}

@misc{agileTechnicalRequirements,
	author    = "Scott W. Ambler",
	year 	  = "2003 - 2014",
    title     = "Figure 1. Technical requirements (summary form).",
    note       = {\url{http://agilemodeling.com/artifacts/technicalRequirement.htm}}
}

@misc{responseTimes,
	author    = "Jakob Nielsen",
	year 	  = "1993",
    title     = "Response Times: The 3 Important Limits",
    note       = {\url{https://www.nngroup.com/articles/response-times-3-important-limits/}}
}

@misc{userExperience,
	author    = "Don Norman & Jakob Nielsen",
	year 	  = "2016",
    title     = "The Definition of User Experience",
    note       = {\url{https://www.nngroup.com/articles/definition-user-experience/}}
}

@misc{backendDevDefinition,
	author    = "Techopedia",
    title     = "Back-End Developer",
    year	  = "2016",
    note       = {\url{https://www.techopedia.com/definition/29568/back-end-developer/}}
}

@misc{backendDevDefinition02,
	author    = "Bloc",
	year	  = "2016",
    title     = "A Comparison of Frontend and Backend Web Development",
    note       = {\url{https://blog.bloc.io/frontend-vs-backend-web-development/}}
}

@misc{dollarShaveClubBackEnd,
	author    = "Dollar Shave Club back-end",
	year	  = "2016",
    title     = "The Dollar Shave Club Architecture Unilever Bought For \$1 Billion",
    note       = {\url{http://highscalability.com/blog/2016/9/13/the-dollar-shave-club-architecture-unilever-bought-for-1-bil.html}}
}

@misc{uberBackEnd,
	author    = "High Scalability",
	year	  = "2016",
    title     = "How Uber Manages A Million Writes Per Second Using Mesos And Cassandra Across Multiple Datacenters",
    note       = {\url{http://highscalability.com/blog/2016/9/28/how-uber-manages-a-million-writes-per-second-using-mesos-and.html}}
}

@misc{microservices,
	author    = "microservices.io",
	year	  = "2016",
    title     = "Pattern: Microservices Architecture",
    note       = {\url{http://microservices.io/patterns/microservices.html}}
}

@misc{elixr,
	year	  = "2016",
    title     = "Elixer Programming Language",
    note       = {\url{http://elixir-lang.org/}}
}

@misc{firebase,
	year	  = "2016",
    title     = "Firebase",
    note       = {\url{https://firebase.google.com/}}
}

@misc{frontEndDevDefinition,
	author	  = "Wikipedia",
	year	  = "2016",
    title     = "Front-End Web Development",
    note       = {\url{https://en.wikipedia.org/wiki/Front-end_web_development}}
}
	
@misc{javascriptAnno2016,
	author	  = "Hackernoon",
	year	  = "2016",
    title     = "How it feels to learn javascript in 2016",
    note       = {\url{https://hackernoon.com/how-it-feels-to-learn-javascript-in-2016-d3a717dd577f#.9tsvqyql0}}
}	
	
	
@misc{singlePageApplications,
	author	  = "Wikipedia",
	year	  = "2016",
    title     = "Single-Page-Applications",
    note       = {\url{https://en.wikipedia.org/wiki/Single-page_application}}
}


@misc{frontEndJavascriptFrameworks,
	author	  = "NoeticForce",
	year	  = "2016",
    title     = "Best javascript frameworks for single page web applications",
    note       = {\url{http://noeticforce.com/best-Javascript-frameworks-for-single-page-modern-web-applications}}
}

@misc{angular,
	year	  = "feb 2017",
    title     = "Angular",
    note       = {\url{https://angular.io/}}
}

@misc{framebuffer,
	year	  = "2016",
    title     = "Framebuffer",
    note       = {\url{https://en.wikipedia.org/wiki/Framebuffer}}
}

@misc{stackoverflowDeveloperSurvey,
	year	  = "2016",
    title     = "Developer Survey Results",
    note       = {\url{http://stackoverflow.com/research/developer-survey-2016}}
}

@misc{javascriptSupport,
	year	  = "2016",
    title     = "Comparison of webbrowsers",
    note       = {\url{https://en.wikipedia.org/wiki/Comparison_of_web_browsers#JavaScript_support}}
}

@misc{inverseLightLaw,
	year	  = "2016",
    title     = "Inverse Square Law, Light",
    note       = {\url{http://hyperphysics.phy-astr.gsu.edu/hbase/vision/isql.html}}
}

@misc{waterIOR,
	year	  = "2016",
    title     = "Index of Refraction",
    note       = {\url{http://hyperphysics.phy-astr.gsu.edu/hbase/Tables/indrf.html}}
}

@misc{refractiveIndex,
	year	  = "2016",
    title     = "Refractive Index",
    note       = {\url{https://www.britannica.com/science/refractive-index}}
}

@misc{pageFileSizeLimit,
	year	  = "2016",
    title     = "W3 Recommendation",
    note       = {\url{https://www.w3.org/TR/mobile-bp/#PAGE_SIZE_LIMIT}}
}

@misc{nielsonNormanReports,
	year	  = "2016",
    title     = "Nielson Norman UX research Reports",
    note       = {\url{https://www.nngroup.com/reports/}}
}

@misc{fresnelEquations,
	year	  = "2016",
    title     = "Fresnel Equations",
    note       = {\url{https://en.wikipedia.org/wiki/Fresnel_equations}}
}

@misc{imageOptim,
	year	  = "2016",
    title     = "ImageOptim",
    note       = {\url{https://imageoptim.com}}
}

@misc{threejs,
	year	  = "2016",
    title     = "ThreeJS Github page",
    note       = {\url{https://github.com/mrdoob/three.js/}}
}

@misc{babylon,
	year	  = "2016",
    title     = "Babylon Github page",
    note       = {\url{https://github.com/BabylonJS/Babylon.js}}
}

@misc{scss,
	year	  = "2016",
    title     = "SCSS / SASS",
    note       = {\url{http://sass-lang.com/}}
}

@misc{MVCMVPMVVM,
    title =        "MVC vs MVP vs MVVM",
    year =         "2009",
    note =		   {\url{https://nirajrules.wordpress.com/2009/07/18/mvc-vs-mvp-vs-mvvm/}}
}

@misc{RESTful,
	title = "Representational state transfer",
	year = "2017",
	note = {\url{https://en.wikipedia.org/wiki/Representational_state_transfer}}
}

@misc{ThreeJSgettingStarted,
	title = "Creating a scene",
	year = "2017",
	note = {\url{https://threejs.org/docs/index.html#manual/introduction/Creating-a-scene}}
}

@misc{yeoman,
	title = "Yeoman Scaffolder",
	year = "2016",
	note = {\url{http://yeoman.io/}}
}

@misc{johnPapa,
	title = "John Papa Angular Styleguide",
	year = "2016",
	note = {\url{https://github.com/johnpapa/angular-styleguide/tree/master/a1}}
}

@misc{heroku,
	title = "Heroku",
	year = "2016",
	note = {\url{https://www.heroku.com/}}
}

@misc{angularConcepts,
	title = "Angular Concepts",
	year = "2016",
	note = {\url{https://docs.angularjs.org/guide/concepts}}
}

@misc{singleResponsibility,
	title = "Single Responsibility Principle",
	year = "2016",
	note = {\url{https://en.wikipedia.org/wiki/Single_responsibility_principle}}
}

@misc{promiseBasedArchitecture,
	title = "The Art of Promise-Based Architecture",
	year = "2015",
	note = {\url{http://blog.rangle.io/the-art-of-promise-based-architecture/}}
}

@misc{magentoReleaseHistory,
	title = "Magento Release History",
	year = "2017",
	note = {\url{https://magento.com/tech-resources/download}}
}

@misc{angularReleaseHistory,
	title = "Angular Release History",
	year = "2017",
	note = {\url{https://github.com/angular/angular.js/releases/}}
}

@misc{textureBaking,
	title = "Texture Baking",
	year = "2017",
	note = {\url{http://wiki.polycount.com/wiki/Texture_Baking}}
}

@misc{frameRate,
	title = "Frame Rate",
	year = "2017",
	note = {\url{https://en.wikipedia.org/wiki/Frame_rate}}
}

